<?xml version="1.0" encoding="UTF-8"?><collection xmlns="http://www.loc.gov/MARC21/slim"><record><leader>00370nam--2200121-i-4500</leader><controlfield tag="001">000035824</controlfield><controlfield tag="002">20161230</controlfield><controlfield tag="005">20161230201040</controlfield><controlfield tag="008">060222s1000------------r-----000-0-eng-d</controlfield><datafield ind1=" " ind2=" " tag="100"><subfield code="a">Oppelt, Winfried</subfield></datafield><datafield ind1=" " ind2=" " tag="245"><subfield code="a">Klaines handbuch technischer regelvorgange. dritte, neubearbeitet und erweiterte auflage</subfield></datafield><datafield ind1=" " ind2=" " tag="260"><subfield code="a">Weinheim/Bergstr., Verlag Chemie, 1960, 632p</subfield></datafield><datafield ind1=" " ind2=" " tag="852"><subfield code="a">15330</subfield></datafield></record></collection>